@misc{Example,
  author = {Autor},
  key = {},
  title = {Název},
  year = {2022},
  howpublished = "Dostupné na \url{google.com}",
}
@misc{Hemoglobin,
  author = {Conor Seery},
  key = {},
  title = {Guide to HbA1c},
  year = {2019},
  howpublished = "\url{https://www.diabetes.co.uk/what-is-hba1c.html}",
}

@misc{SVG,
  author = {Wikipedia},
  key = {},
  title = {SVG file format},
  year = {},
  howpublished = "\url{https://en.wikipedia.org/wiki/SVG}",
}
